@Book{BS,
 Author = {Susanne C. {Brenner} and L. Ridgway {Scott}},
 Title = {{The mathematical theory of finite element methods}},
 FJournal = {{Texts in Applied Mathematics}},
 Journal = {{Texts Appl. Math.}},
 ISSN = {0939-2475},
 Volume = {15},
 ISBN = {978-0-387-75933-3},
 Pages = {xvii + 397},
 Year = {2008},
 Publisher = {New York, NY: Springer},
 Language = {English},
 DOI = {10.1007/978-0-387-75934-0},
 MSC2010 = {65N30 65-02 46N40 65N55 74S05 76M10 35J25 65N50 65F10 65F35},
 Zbl = {1135.65042}
}

@Book{EG,
 Author = {Alexandre {Ern} and Jean-Luc {Guermond}},
 Title = {{Theory and practice of finite elements.}},
 FJournal = {{Applied Mathematical Sciences}},
 Journal = {{Appl. Math. Sci.}},
 ISSN = {0066-5452},
 Volume = {159},
 ISBN = {0-387-20574-8},
 Pages = {xiii + 524},
 Year = {2004},
 Publisher = {New York, NY: Springer},
 Language = {English},
 MSC2010 = {65N30 65N50 35A35 65F10 65M60 74S05 76D07 35J25 35K15 35Q30 65-02 76M10 65Y05 65M15 65N12 65M12 78M10 80M10},
 Zbl = {1059.65103}
}

@Book{Brezis,
 Author = {Haim {Brezis}},
 Title = {{Functional analysis, Sobolev spaces and partial differential equations}},
 FJournal = {{Universitext}},
 Journal = {{Universitext}},
 ISSN = {0172-5939},
 ISBN = {978-0-387-70913-0; 978-0-387-70914-7},
 Pages = {xiii + 599},
 Year = {2011},
 Publisher = {New York, NY: Springer},
 Language = {English},
 DOI = {10.1007/978-0-387-70914-7},
 MSC2010 = {46-01 47-01 35-01 46E35 46N20 47F05},
 Zbl = {1220.46002}
}

@Book{Holopainen,
 Author = {Ilkka {Holopainen}},
 Title = {{Real Analysis I}},
 Publisher = {Avaiblabe on the Moodle page},
}